@article{vargas17,
    author  = "Martins, E.F. and Lemos, T. and Saunier, G. and Pozzo, T. and Fraiman, D. and Vargas,C.D.",
    title   = "Cerebral Dynamics during the Observation of Point-Light Displays Depicting Postural Adjustments",
    year    = "2017",
    journal = "Frontiers of Human Neuroscience",
    volume  = "11",
    pages   = "217 (1--12)",
    doi = "10.3389/fnhum.2017.00217"
}
